[gd_resource type="SpriteFrames" load_steps=19 format=3 uid="uid://bqn6ng1yif0kn"]

[ext_resource type="Texture2D" uid="uid://bwwsuqfk5ss4r" path="res://sprites/projectiles/projectile_fire.png" id="1_pvb2v"]
[ext_resource type="Texture2D" uid="uid://cts4jh228k5jn" path="res://sprites/projectiles/projectile_ice.png" id="2_mwmj5"]

[sub_resource type="AtlasTexture" id="AtlasTexture_y0da2"]
atlas = ExtResource("1_pvb2v")
region = Rect2(0, 0, 24, 24)

[sub_resource type="AtlasTexture" id="AtlasTexture_2ltnc"]
atlas = ExtResource("1_pvb2v")
region = Rect2(24, 0, 24, 24)

[sub_resource type="AtlasTexture" id="AtlasTexture_8771q"]
atlas = ExtResource("1_pvb2v")
region = Rect2(48, 0, 24, 24)

[sub_resource type="AtlasTexture" id="AtlasTexture_dcnqf"]
atlas = ExtResource("1_pvb2v")
region = Rect2(72, 0, 24, 24)

[sub_resource type="AtlasTexture" id="AtlasTexture_riijc"]
atlas = ExtResource("1_pvb2v")
region = Rect2(96, 0, 24, 24)

[sub_resource type="AtlasTexture" id="AtlasTexture_8iq2p"]
atlas = ExtResource("1_pvb2v")
region = Rect2(120, 0, 24, 24)

[sub_resource type="AtlasTexture" id="AtlasTexture_gk8ll"]
atlas = ExtResource("1_pvb2v")
region = Rect2(144, 0, 24, 24)

[sub_resource type="AtlasTexture" id="AtlasTexture_ofowr"]
atlas = ExtResource("1_pvb2v")
region = Rect2(168, 0, 24, 24)

[sub_resource type="AtlasTexture" id="AtlasTexture_1rtj3"]
atlas = ExtResource("1_pvb2v")
region = Rect2(192, 0, 24, 24)

[sub_resource type="AtlasTexture" id="AtlasTexture_llguh"]
atlas = ExtResource("2_mwmj5")
region = Rect2(0, 0, 24, 24)

[sub_resource type="AtlasTexture" id="AtlasTexture_xsa7c"]
atlas = ExtResource("2_mwmj5")
region = Rect2(24, 0, 24, 24)

[sub_resource type="AtlasTexture" id="AtlasTexture_qrupp"]
atlas = ExtResource("2_mwmj5")
region = Rect2(48, 0, 24, 24)

[sub_resource type="AtlasTexture" id="AtlasTexture_lxdfj"]
atlas = ExtResource("2_mwmj5")
region = Rect2(72, 0, 24, 24)

[sub_resource type="AtlasTexture" id="AtlasTexture_veuyp"]
atlas = ExtResource("2_mwmj5")
region = Rect2(96, 0, 24, 24)

[sub_resource type="AtlasTexture" id="AtlasTexture_x0qjj"]
atlas = ExtResource("2_mwmj5")
region = Rect2(120, 0, 24, 24)

[sub_resource type="AtlasTexture" id="AtlasTexture_ocmki"]
atlas = ExtResource("2_mwmj5")
region = Rect2(144, 0, 24, 24)

[resource]
animations = [{
"frames": [{
"duration": 1.0,
"texture": SubResource("AtlasTexture_y0da2")
}, {
"duration": 1.0,
"texture": SubResource("AtlasTexture_2ltnc")
}, {
"duration": 1.0,
"texture": SubResource("AtlasTexture_8771q")
}, {
"duration": 1.0,
"texture": SubResource("AtlasTexture_dcnqf")
}, {
"duration": 1.0,
"texture": SubResource("AtlasTexture_riijc")
}, {
"duration": 1.0,
"texture": SubResource("AtlasTexture_8iq2p")
}, {
"duration": 1.0,
"texture": SubResource("AtlasTexture_gk8ll")
}, {
"duration": 1.0,
"texture": SubResource("AtlasTexture_ofowr")
}, {
"duration": 1.0,
"texture": SubResource("AtlasTexture_1rtj3")
}],
"loop": true,
"name": &"fire",
"speed": 12.0
}, {
"frames": [{
"duration": 1.0,
"texture": SubResource("AtlasTexture_llguh")
}, {
"duration": 1.0,
"texture": SubResource("AtlasTexture_xsa7c")
}, {
"duration": 1.0,
"texture": SubResource("AtlasTexture_qrupp")
}, {
"duration": 1.0,
"texture": SubResource("AtlasTexture_lxdfj")
}, {
"duration": 1.0,
"texture": SubResource("AtlasTexture_veuyp")
}, {
"duration": 1.0,
"texture": SubResource("AtlasTexture_x0qjj")
}, {
"duration": 1.0,
"texture": SubResource("AtlasTexture_ocmki")
}],
"loop": true,
"name": &"ice",
"speed": 16.0
}]
