[gd_resource type="SpriteFrames" load_steps=8 format=3 uid="uid://djgvsewaim8ws"]

[ext_resource type="Texture2D" uid="uid://b6cf5va8c6r6i" path="res://sprites/enemy.png" id="1_iwdj4"]

[sub_resource type="AtlasTexture" id="AtlasTexture_2u622"]
atlas = ExtResource("1_iwdj4")
region = Rect2(0, 0, 24, 24)

[sub_resource type="AtlasTexture" id="AtlasTexture_b4pps"]
atlas = ExtResource("1_iwdj4")
region = Rect2(24, 0, 24, 24)

[sub_resource type="AtlasTexture" id="AtlasTexture_a35d6"]
atlas = ExtResource("1_iwdj4")
region = Rect2(48, 0, 24, 24)

[sub_resource type="AtlasTexture" id="AtlasTexture_38cni"]
atlas = ExtResource("1_iwdj4")
region = Rect2(72, 0, 24, 24)

[sub_resource type="AtlasTexture" id="AtlasTexture_3vnjj"]
atlas = ExtResource("1_iwdj4")
region = Rect2(96, 0, 24, 24)

[sub_resource type="AtlasTexture" id="AtlasTexture_h0b8j"]
atlas = ExtResource("1_iwdj4")
region = Rect2(120, 0, 24, 24)

[resource]
animations = [{
"frames": [{
"duration": 1.0,
"texture": SubResource("AtlasTexture_2u622")
}, {
"duration": 1.0,
"texture": SubResource("AtlasTexture_b4pps")
}, {
"duration": 1.0,
"texture": SubResource("AtlasTexture_a35d6")
}, {
"duration": 1.0,
"texture": SubResource("AtlasTexture_38cni")
}, {
"duration": 1.0,
"texture": SubResource("AtlasTexture_3vnjj")
}, {
"duration": 1.0,
"texture": SubResource("AtlasTexture_h0b8j")
}],
"loop": true,
"name": &"enemy",
"speed": 10.0
}]
